
@Misc{taylor,
  author = "King Saud University",
  title  = "\emph{Numerical methods}",
  note = "\url{https://faculty.ksu.edu.sa/sites/default/files/l10_2.pdf}",
  year = "2022"
}

@Misc{euler,
  author = "Wikipedia",
  title  = "\emph{Eulers method}",
  note = "\url{https://en.wikipedia.org/wiki/Euler_method}",
  year = "2022"
}

@Misc{trap,
  author = "Wikipedia",
  title  = "\emph{Trapezoidal}",
  note = "\url{https://en.wikipedia.org/wiki/Trapezoidal_rule_(differential_equations)}",
  year = "2022"
}


