@book{smlbook,
   author = {Lindholm, Andreas and Wahlstr\"om, Niklas and Lindsten, Fredrik and Sch\"on, Thomas B.},
   year = 2022,
   title = {Machine Learning - A First Course for Engineers and Scientists},
   publisher = {Cambridge University Press},
   URL={https://smlbook.org},
}

@misc{dataset,
    author={{The Pudding}},
    title = {{MS Windows NT} Kernel Description},
    howpublished = {\url{ https://pudding.cool/2017/03/film-dialogue/}},
}

@article{yu2002kernel,
  title={Kernel nearest-neighbor algorithm},
  author={Yu, Kai and Ji, Liang and Zhang, Xuegong},
  journal={Neural Processing Letters},
  volume={15},
  number={2},
  pages={147--156},
  year={2002},
  publisher={Springer}
}


@misc{Covariance,
	author = {{Contributors to Wikimedia projects}},
	title = {{Covariance - Wikipedia}},
	year = {2022},
	month = nov,
	note = {[Online; accessed 7. Dec. 2022]},
	url = {https://en.wikipedia.org/wiki/Covariance}
}

@misc{MinMax,
	author = {{Scikit-learn}},
	title = {{Scikit-learn: MinMaxScaler}},
	year = {2022},
	month = nov,
	note = {[Online; accessed 7. Dec. 2022]},
	url = {https://scikit-learn.org/stable/modules/generated/sklearn.preprocessing.MinMaxScaler.html}
}

@misc{StandardScaler,
	author = {{Scikit-learn}},
	title = {{Scikit-learn: StandardScaler}},
	year = {2022},
	month = nov,
	note = {[Online; accessed 7. Dec. 2022]},
	url = {https://scikit-learn.org/stable/modules/generated/sklearn.preprocessing.StandardScaler.html}
}

@misc{Gridser,
	author = {{Scikit-learn}},
	title = {{Scikit-learn: GridSearchCV}},
	year = {2022},
	month = nov,
	note = {[Online; accessed 7. Dec. 2022]},
	url = {https://scikit-learn.org/stable/modules/generated/sklearn.model_selection.GridSearchCV.html}
}

@misc{Polyfit,
	author = {{Numpy}},
	title = {{Numpy: Polyfit}},
	year = {2022},
	month = nov,
	note = {[Online; accessed 7. Dec. 2022]},
	url = {https://numpy.org/doc/stable/reference/generated/numpy.polyfit.html}
}

@misc{scatter_mat,
	author = {{Pandas}},
	title = {{Pandas: Scatter matrix}},
	year = {2022},
	month = nov,
	note = {[Online; accessed 7. Dec. 2022]},
	url = {https://pandas.pydata.org/docs/reference/api/pandas.plotting.scatter$_$matrix.html}
}


@misc{Regul,
	author = {{Google}},
	title = {{Google Machine Learning Education: Regularization}},
	year = {2022},
	month = nov,
	note = {[Online; accessed 7. Dec. 2022]},
	url = {https://developers.google.com/machine-learning/crash-course/regularization-for-sparsity/l1-regularization}
}

@misc{Logreg,
	author = {{Scikit-learn}},
	title = {{Scikit-learn: LogisticRegression}},
	year = {2022},
	month = nov,
	note = {[Online; accessed 7. Dec. 2022]},
	url = {https://scikit-learn.org/stable/modules/generated/sklearn.linear_model.LogisticRegression.html}
}

@misc{dectree,
    author = {{Scikit-learn}},
	title = {{sklearn.tree.DecisionTreeClassifier}},
	journal = {scikit-learn},
	year = {2022},
	month = dec,
	note = {[Online; accessed 22. Dec. 2022]},
	url = {https://scikit-learn.org/stable/modules/generated/sklearn.tree.DecisionTreeClassifier.html}
}


@misc{randtree,
    author = {{Scikit-learn}},
	title = {{sklearn.ensemble.RandomForestClassifier}},
	journal = {scikit-learn},
	year = {2022},
	month = dec,
	note = {[Online; accessed 22. Dec. 2022]},
	url = {https://scikit-learn.org/stable/modules/generated/sklearn.ensemble.RandomForestClassifier.html}
}

@misc{bagtree,
    author = {{Scikit-learn}},
	title = {{sklearn.ensemble.BaggingClassifier}},
	journal = {scikit-learn},
	year = {2022},
	month = dec,
	note = {[Online; accessed 22. Dec. 2022]},
	url = {https://scikit-learn.org/stable/modules/generated/sklearn.ensemble.BaggingClassifier.html}
}

@misc{crossval,
    author = {{Scikit-learn}},
	title = {{sklearn.model{$\_$}selection.cross{$\_$}validate}},
	journal = {scikit-learn},
	year = {2022},
	month = dec,
	note = {[Online; accessed 22. Dec. 2022]},
	url = {https://scikit-learn.org/stable/modules/generated/sklearn.model_selection.cross_validate.html}
}

@misc{kfold,
    author = {{Scikit-learn}},
	title = {{sklearn.model{$\_$}selection.KFold}},
	journal = {scikit-learn},
	year = {2022},
	month = dec,
	note = {[Online; accessed 22. Dec. 2022]},
	url = {https://scikit-learn.org/stable/modules/generated/sklearn.model_selection.KFold.html}
}

@misc{matplotlib,
    author = {{Matplotlib}},
	title = {{matplotlib.pyplot.boxplot {\ifmmode---\else\textemdash\fi} Matplotlib 3.6.2 documentation}},
	year = {2022},
	month = nov,
	note = {[Online; accessed 22. Dec. 2022]},
	url = {https://matplotlib.org/stable/api/_as_gen/matplotlib.pyplot.boxplot.html}
}

@article{smlexercises,
  title={Statistical Machine Learning Exercise sheets.},
  author={Statistical Machine Learning team},
  journal={Available through course page on Studium},
  year={2022}
}