@Misc{givens,
  author = "Wikipedia",
  title  = "\emph{Givens rotation}",
  note   = "\url{https://en.wikipedia.org/wiki/Givens_rotation}",
  year = "2022"
}
@Misc{note,
  author = "Davoud Mirzaei",
  title  = "Linear Least Squares, QR and SVD",
  year = "2022"
}
@Misc{svd,
  author = "Wikipedia",
  title  = "\emph{Singular value decomposition}",
  note   = "\url{https://en.wikipedia.org/wiki/Singular_value_decomposition}",
  year = "2022"
}
@Misc{taylor,
  author = "King Saud University",
  title  = "\emph{Numerical methods}",
  note   = "\url{https://faculty.ksu.edu.sa/sites/default/files/l10_2.pdf}",
  year = "2022"
}


